<record><leader>00000cas a22000007a 4500</leader><controlfield tag="001">12338078</controlfield><controlfield tag="008">850802d19221927wiuwr ne      0    0eng d</controlfield><datafield ind1=" " ind2=" " tag="010"><subfield code="a">sn 85040890 </subfield></datafield><datafield ind1=" " ind2=" " tag="040"><subfield code="a">NPV</subfield><subfield code="b">eng</subfield><subfield code="c">NPV</subfield><subfield code="d">OCLCQ</subfield></datafield><datafield ind1=" " ind2=" " tag="042"><subfield code="a">msc</subfield></datafield><datafield ind1="0" ind2=" " tag="130"><subfield code="a">Two Rivers reporter (Two Rivers, Wis. : 1922 : Weekly)</subfield></datafield><datafield ind1="1" ind2="0" tag="245"><subfield code="a">Two Rivers reporter.</subfield></datafield><datafield ind1=" " ind2=" " tag="260"><subfield code="a">Two Rivers, Wis. :</subfield><subfield code="b">A. Baetz,</subfield><subfield code="c">1922-1927.</subfield></datafield><datafield ind1=" " ind2=" " tag="300"><subfield code="a">v.</subfield></datafield><datafield ind1=" " ind2=" " tag="310"><subfield code="a">Weekly</subfield></datafield><datafield ind1="0" ind2=" " tag="362"><subfield code="a">Vol. 18, no. 7 (Apr. 13, 1922)-v. 23, no. 8 (Apr. 15, 1927).</subfield></datafield><datafield ind1=" " ind2=" " tag="752"><subfield code="a">United States</subfield><subfield code="b">Wisconsin</subfield><subfield code="c">Manitowoc</subfield><subfield code="d">Two Rivers.</subfield></datafield><datafield ind1="0" ind2="0" tag="780"><subfield code="t">Reporter (Two Rivers, Wis.)</subfield><subfield code="w">(DLC)sn 85040889</subfield></datafield><datafield ind1="0" ind2="7" tag="785"><subfield code="t">Chronicle (Two Rivers, Wis.)</subfield><subfield code="w">(DLC)sn 85040892</subfield></datafield><datafield ind1="0" ind2="7" tag="785"><subfield code="t">Reporter-chronicle</subfield><subfield code="w">(DLC)sn 85040891</subfield></datafield></record>